@string{ieee-oakland    = "IEEE Symposium on Security and Privacy"}
@string{acm-ccs         = "ACM Conference on Computer and Communications Security (CCS)"}
@string{isoc-ndss       = "Symposium on Network and Distributed System Security (NDSS)"}
@string{raid            = "Symposium on Recent Advances in Intrusion Detection (RAID)"}
@string{esorics         = "European Symposium on Research in Computer Security (ESORICS)"}
@string{acsac           = "Annual Computer Security Applications Conference (ACSAC)"}
@string{usenix-security = "USENIX Security Symposium"}
@string{usenix-nsdi     = "USENIX Symposium on Networked Systems Design and Implementation (NSDI)"}
@string{usenix-hotbots  = "USENIX Workshop on Hot Topics in Understanding Botnet"}
@string{usenix-leet     = "USENIX Workshop on Large-Scale Exploits and Emergent Threats (LEET)"}
@string{usenix-woot     = "USENIX Workshop on Offensive Technologies (WOOT)"}
@string{usenix-sruti    = "USENIX Workshop on Steps to Reducing Unwanted Traffic on the Internet (SRUTI)"}
@string{usenix-atc      = "USENIX Annual Technical Conference"}
@string{acm-popl        = "ACM Symposium on Principles of Programming Languages (POPL)"}
@string{ieee-infocom-mc = "IEEE Conference on Computer Communications (INFOCOM)"}
@string{ieee-dcs        = "IEEE Conference on Distributed Computing Systems"}
@string{acm-imc         = "ACM SIGCOMM Conference on Internet Measurement"}
@string{dimva           = "Detection of Intrusions and Malware, and Vulnerability Assessment (DIMVA)"}

% article		{author, title, journal, year}[volume, number, pages, month, note]
% inproceedings	{author, title, booktitle, year}[editor, volume oder number, series, pages, address, month, organization, publisher, note]
% manual		{title, address}[author, organization, edition, month, year, note]
% misc			{}[author, title, howpublished, month, year, note]
% techreport	{author, title, institution, year}[type, note, number, address, month]
% As of now you can use the url and urldate on every type to ease the inclusion of urls



%Chapter 1
@misc{netflixpipeline,
	title = {{Netflix Technology Blog: Evolution of the Netflix Data Pipeline}},
	author = {{Netflix Inc.}},
	howpublished = {\url{https://netflixtechblog.com/evolution-of-the-netflix-data-pipeline-da246ca36905}},
	note = {Accessed: 2020-11-14}
}

@misc{benchmarkkafkapulsarrabbitmq,
	author = {Alok Nikhil, Vinoth Chandar},
	title = {{Benchmarking Apache Kafka, Apache Pulsar, and RabbitMQ: Which is the Fastest?}},
	howpublished = {\url{https://www.confluent.de/blog/kafka-fastest-messaging-system/}},
	note = {Accessed: 2020-11-12}
}

@misc{benchmarkfull,
	author = {Adam Warski},
	title = {{Evaluating persistent, replicated message queues (2020 edition)}},
	howpublished = {\url{https://softwaremill.com/mqperf/}},
	note = {Accessed: 2020-11-12}
}

@misc{benchmarkkafkapulsar,
	author = {Penghui Li and Sijie Guo},
	title = {{Benchmarking Pulsar and Kafka - A More Accurate Perspective on Pulsar’s Performance}},
	howpublished = {\url{https://streamnative.io/en/blog/tech/2020-11-09-benchmark-pulsar-kafka-performance}},
	note = {Accessed: 2020-11-12}
}

@misc{overallcomparekafka,
	title = {{Kafka vs. Pulsar vs. RabbitMQ: Performance, Architecture, and Features Compared}},
	author = {Confluent},
	howpublished = {\url{https://www.confluent.io/kafka-vs-pulsar/}},
	note = {Accessed: 2020-11-12}
}

@inproceedings{karimov2018benchmarking,
	title={Benchmarking distributed stream data processing systems},
	author={Karimov, Jeyhun and Rabl, Tilmann and Katsifodimos, Asterios and Samarev, Roman and Heiskanen, Henri and Markl, Volker},
	booktitle={2018 IEEE 34th International Conference on Data Engineering (ICDE)},
	pages={1507--1518},
	year={2018},
	organization={IEEE}
}

@article{isah2019survey,
	title={A survey of distributed data stream processing frameworks},
	author={Isah, Haruna and Abughofa, Tariq and Mahfuz, Sazia and Ajerla, Dharmitha and Zulkernine, Farhana and Khan, Shahzad},
	journal={IEEE Access},
	volume={7},
	pages={154300--154316},
	year={2019},
	publisher={IEEE}
}


%Chapter 2
@inproceedings{al2018comparative,
	title={A Comparative Review of Microservices and Monolithic Architectures},
	author={Al-Debagy, Omar and Martinek, Peter},
	booktitle={2018 IEEE 18th International Symposium on Computational Intelligence and Informatics (CINTI)},
	pages={000149--000154},
	year={2018},
	organization={IEEE}
}

@misc{monolithfirst,
	author = {Martin Fowler},
	title = {{MonolithFirst}},
	howpublished =  {\url{https://martinfowler.com/bliki/MonolithFirst.html}},
	note = {Accessed: 2020-11-18}
}

@misc{monolith,
	author = {Chris Richardson},
	title = {{Pattern: Monolithic Architecture}},
	howpublished =  {\url{https://microservices.io/patterns/monolithic.html}},
	note = {Accessed: 2020-11-19}
}

@misc{microservicesfowler,
	author = {Lewis, James and Fowler, Martin},
	title = {{Microservices}},
	howpublished =  {\url{https://martinfowler.com/articles/microservices.html}},
	note = {Accessed: 2020-11-18}
}

@inproceedings{villamizar2016infrastructure,
	title={Infrastructure cost comparison of running web applications in the cloud using AWS lambda and monolithic and microservice architectures},
	author={Villamizar, Mario and Garces, Oscar and Ochoa, Lina and Castro, Harold and Salamanca, Lorena and Verano, Mauricio and Casallas, Rubby and Gil, Santiago and Valencia, Carlos and Zambrano, Angee and others},
	booktitle={2016 16th IEEE/ACM International Symposium on Cluster, Cloud and Grid Computing (CCGrid)},
	pages={179--182},
	year={2016},
	organization={IEEE}
}

@inbook{stopford2018designingeventdriven,
	author       = {Stopford, Ben},
	title        = {{\normalfont Designing Event-Driven Systems Concepts and Patterns for Streaming Services with Apache Kafka}},
	chapter      = 5,
	pages        = {31-38},
	publisher    = {O’Reilly Media, Inc.},
	year         = 2018
}

@misc{cqrsgregyoung,
	author = {Greg Young},
	title = {{CQRS Documents}},
	howpublished = {\url{https://cqrs.files.wordpress.com/2010/11/cqrs\_documents.pdf}},
	note = {Accessed: 2020-11-23},
	year={2010}
}

@misc{martinfowlereventdriven,
	author = {Martin Fowler},
	title = {{What do you mean by "Event-Driven"?}},
	howpublished =  {\url{https://martinfowler.com/articles/201701-event-driven.html}},
	note = {Accessed: 2020-11-19}
}

@inbook{stopford2018designing,
	author       = {Stopford, Ben},
	title        = {{\normalfont Designing Event-Driven Systems Concepts and Patterns for Streaming Services with Apache Kafka}},
	chapter      = 8,
	pages        = {79-81},
	publisher    = {O’Reilly Media, Inc.},
	year         = 2018
}

@misc{eventsourcingfowler,
	author = {Martin Fowler},
	title = {Event Sourcing},
	howpublished = {\url{https://martinfowler.com/eaaDev/EventSourcing.html}},
	note = {Accessed: 2020-11-23}
}

@misc{eventsourcingishard,
	author = {Chris Kiehl},
	title = {{Don't Let the Internet Dupe You, Event Sourcing is Hard}},
	howpublished = {\url{https://chriskiehl.com/article/event-sourcing-is-hard}},
	note = {Accessed: 2020-11-23},
	year={2019}
}

@misc{stream101,
	author = {Tyler Akidau},
	title = {{Streaming 101: The world beyond batch}},
	howpublished =  {\url{https://www.oreilly.com/radar/the-world-beyond-batch-streaming-101/}},
	note = {Accessed: 2020-11-17}
}

@misc{questionlambdaarchitecture,
	author = {Jay Kreps},
	title = {{Questioning the Lambda Architecture}},
	howpublished =  {\url{https://www.oreilly.com/radar/questioning-the-lambda-architecture/}},
	note = {Accessed: 2020-11-18}
}

@misc{eventstreamingplatform,
	author = {Jay Kreps},
	title = {{Putting Apache Kafka To Use: A Practical Guide to Building an Event Streaming Platform (Part 1)}},
	howpublished =  {\url{https://www.confluent.io/blog/event-streaming-platform-1/}},
	note = {Accessed: 2020-11-18}
}

@misc{logjaykreps,
	author = {Jay Kreps},
	title = {{The Log: What every software engineer should know about real-time data's unifying abstraction}},
	howpublished =  {\url{https://engineering.linkedin.com/distributed-systems/log-what-every-software-engineer-should-know-about-real-time-datas-unifying}},
	note = {Accessed: 2020-11-18}
}

@inbook{kleppmann2016making,
	title={Making Sense of Stream Processing: The Philosophy Behind Apache Kafka and Scalable Stream Data Platforms},
	author={Kleppmann, Martin},
	chapter      = 5,
	pages        = {160-165},
	year={2016},
	publisher={O'Reilly Media}
}


%Chapter 3
@misc{apachekafka,
	title = {{Apache Kafka}},
	author = {{The Kafka contributors}},
	howpublished =  {\url{https://kafka.apache.org/}},
	note = {Accessed: 2020-11-19}
}

@misc{apachepulsar,
	title = {{Apache Pulsar}},
	author = {{The Pulsar contributors}},
	howpublished =  {\url{https://pulsar.apache.org/}},
	note = {Accessed: 2020-11-19}
}

@misc{rocketmq,
	title = {{Apache RocketMQ}},
	author = {{The RocketMQ contributors}},
	howpublished =  {\url{https://rocketmq.apache.org/}},
	note = {Accessed: 2020-11-19}
}

@misc{natsstreaming,
	title = {{NATS Streaming concepts}},
	author = {{The NATS Streaming contributors}},
	howpublished =  {\url{https://docs.nats.io/nats-streaming-concepts/intro}},
	note = {Accessed: 2020-11-19}
}

@misc{pravega,
	title = {Pravega},
	author = {{The Pravega contributors}},
	howpublished =  {\url{https://pravega.io/}},
	note = {Accessed: 2020-11-19}
}

@misc{iso25010,
	title = {{ISO/IEC 25010}},
	howpublished =  {\url{https://iso25000.com/index.php/en/iso-25000-standards/iso-25010}},
	note = {Accessed: 2020-11-22}	
}
%Criteria
@misc{messagingpubsub,
	title = {{Enterprise Integration Patterns: Messaging Patterns: Publish-Subscribe Channel}},
	author = {Gregor Hohpe and Bobby Woolf},
	howpublished =  {\url{https://www.enterpriseintegrationpatterns.com/patterns/messaging/PublishSubscribeChannel.html}},
	note = {Accessed: 2020-11-23}	
}

@misc{messagingcompetingconsumer,
	title = {{Enterprise Integration Patterns: Messaging Patterns: Competing Consumers}},
	author = {Gregor Hohpe and Bobby Woolf},
	howpublished =  {\url{https://www.enterpriseintegrationpatterns.com/patterns/messaging/CompetingConsumers.html}},
	note = {Accessed: 2020-11-23}	
}

@misc{messagingcontainedbasedrouter,
	title = {{Enterprise Integration Patterns: Messaging Patterns: Content-Based Router}},
	author = {Gregor Hohpe and Bobby Woolf},
	howpublished =  {\url{https://www.enterpriseintegrationpatterns.com/patterns/messaging/ContentBasedRouter.html}},
	note = {Accessed: 2020-11-23}	
}

@misc{exactlyoncenotpossible,
	title = {{You Cannot Have Exactly-Once Delivery}},
	author = {Tyler Treat},
	howpublished =  {\url{https://bravenewgeek.com/you-cannot-have-exactly-once-delivery/}},
	note = {Accessed: 2020-11-24}	
}

%Chapter 4

%General references
%Kafka
@misc{apachezookeeper,
	title = {{Apache Zookeeper}},
	author = {{The Zookeeper contributors}},
	howpublished =  {\url{https://zookeeper.apache.org/}},
	note = {Accessed: 2020-11-26}	
}

@misc{kafkaremovezookeeper,
	title = {{KIP-500: Replace ZooKeeper with a Self-Managed Metadata Quorum}},
	author = {Colin McCabe},
	howpublished =  {\url{https://cwiki.apache.org/confluence/display/KAFKA/KIP-500%3A+Replace+ZooKeeper+with+a+Self-Managed+Metadata+Quorum}},
	note = {Accessed: 2020-11-26}	
}

@misc{kafkareadfromfollower,
	title = {{KIP-392: Allow consumers to fetch from closest replica
	Skip to end of metadata}},
	author = {Jason Gustafson},
	howpublished =  {\url{https://cwiki.apache.org/confluence/display/KAFKA/KIP-392%3A+Allow+consumers+to+fetch+from+closest+replica}},
	note = {Accessed: 2020-11-26}	
}

%Pulsar
@misc{apachebookkeeper,
	title = {{Apache BookKeeper}},
	author = {{The BookKeeper contributors}},
	howpublished =  {\url{https://bookkeeper.apache.org/}},
	note = {Accessed: 2020-11-26}	
}

%Event storage
%Kafka
@misc{kafkaimplementation,
	title = {{Kafka Implementation}},
	author = {{The Kafka contributors}},
	howpublished =  {\url{https://kafka.apache.org/documentation/#implementation}},
	note = {Accessed: 2020-11-26}	
}

@misc{kafkaconfigurationtopic,
	title = {{Kafka Configuration: Topic-Level Configs}},
	author = {{The Kafka contributors}},
	howpublished =  {\url{https://kafka.apache.org/documentation/#configuration}},
	note = {Accessed: 2020-11-26}	
}

@misc{kafkadatareplication,
	title = {{Kafka Design: Replication}},
	author = {{The Kafka contributors}},
	howpublished =  {\url{https://kafka.apache.org/documentation.html#replication}},
	note = {Accessed: 2020-11-27}	
}

@misc{kafkadesignlogcompact,
	title = {{Kafka Design: Log compaction}},
	author = {{The Kafka contributors}},
	howpublished =  {\url{https://kafka.apache.org/documentation/#compaction}},
	note = {Accessed: 2020-11-26}	
}

%Pulsar
@misc{bookkeeperprotocol,
	title = {{The BookKeeper protocol}},
	author = {{The BookKeeper contributors}},
	howpublished =  {\url{https://bookkeeper.apache.org/docs/4.11.1/development/protocol/}},
	note = {Accessed: 2020-11-29}
}

@misc{bookkeeperadmin,
	title = {{BookKeeper administration}},
	author = {{The BookKeeper contributors}},
	howpublished =  {\url{http://bookkeeper.apache.org/docs/4.11.1/admin/bookies/}},
	note = {Accessed: 2020-11-29}
}

@misc{pulsarretention,
	title = {{Message retention and expiry}},
	author = {{The Pulsar contributors}},
	howpublished =  {\url{https://pulsar.apache.org/docs/en/cookbooks-retention-expiry/}},
	note = {Accessed: 2020-11-30}
}


@misc{pulsarconceptcompact,
	title = {{Concepts and Architecture: Topic compaction}},
	author = {{The Pulsar contributors}},
	howpublished =  {\url{https://pulsar.apache.org/docs/en/concepts-topic-compaction/}},
	note = {Accessed: 2020-11-30}
}

%NATS
@misc{natsconfiguring,
	title = {{NATS Streaming Server: Configuring}},
	author = {{The NATS Streaming contributors}},
	howpublished =  {\url{https://docs.nats.io/nats-streaming-server/configuring}},
	note = {Accessed: 2020-12-01}
}

@inproceedings{raftalg,
	title={In search of an understandable consensus algorithm},
	author={Ongaro, Diego and Ousterhout, John},
	booktitle={2014 $\{$USENIX$\}$ Annual Technical Conference ($\{$USENIX$\}$$\{$ATC$\}$ 14)},
	pages={305--319},
	year={2014}
}


%Messaging patterns
%Kafka
@misc{kafkadesignconsumer,
	title = {{Kafka Design: The consumer}},
	author = {{The Kafka contributors}},
	howpublished =  {\url{https://kafka.apache.org/documentation/#theconsumer}},
	note = {Accessed: 2020-12-02}	
}

@misc{kafkapartitionsnum,
	title = {{How to choose the number of topics/partitions in a Kafka cluster?}},
	author = {Jun Rao},
	howpublished =  {\url{https://www.confluent.io/blog/how-choose-number-topics-partitions-kafka-cluster/}},
	note = {Accessed: 2020-12-03}	
}

@misc{kafkaconsumerimplement,
	title = {{Javadoc: Kafka consumer}},
	author = {{The Kafka contributors}},
	howpublished =  {\url{https://kafka.apache.org/26/javadoc/index.html?org/apache/kafka/clients/consumer/KafkaConsumer.html}},
	note = {Accessed: 2020-12-03}	
}

%Pulsar
@misc{pulsarbinaryprotocol,
	title = {{Pulsar binary protocol specification}},
	author = {{The Pulsar contributors}},
	howpublished =  {\url{https://pulsar.apache.org/docs/en/develop-binary-protocol/}},
	note = {Accessed: 2020-12-04}
}

@misc{pulsarconceptmessaging,
	title = {{Concepts and Architecture: Messaging}},
	author = {{The Pulsar contributors}},
	howpublished =  {\url{https://pulsar.apache.org/docs/en/concepts-messaging/}},
	note = {Accessed: 2020-12-04}
}

@misc{pulsarkaysharedunstable,
	title = {{GitHub issue: Some partitions get stuck after adding additional consumers to the KEY\_SHARED subscriptions}},
	author = {{The Pulsar contributors and users}},
	howpublished =  {\url{https://github.com/apache/pulsar/issues/8115}},
	note = {Accessed: 2020-12-06}
}

@misc{pulsarconceptclients,
	title = {{Concepts and Architecture: Pulsar Clients}},
	author = {{The Pulsar contributors}},
	howpublished =  {\url{https://pulsar.apache.org/docs/en/concepts-clients/}},
	note = {Accessed: 2020-12-06}
}

@misc{pulsarconsumerapi,
	title = {{Javadoc: Pulsar consumer}},
	author = {{The Pulsar contributors}},
	howpublished =  {\url{https://pulsar.apache.org/api/client/2.6.0-SNAPSHOT/org/apache/pulsar/client/api/Consumer.html}},
	note = {Accessed: 2020-12-07}
}	

@misc{pulsarreaderapi,
	title = {{Javadoc: Pulsar reader}},
	author = {{The Pulsar contributors}},
	howpublished =  {\url{https://pulsar.apache.org/api/client/2.6.0-SNAPSHOT/org/apache/pulsar/client/api/Reader.html}},
	note = {Accessed: 2020-12-07}
}

%NATS
@misc{natsconceptchannels,
	title = {{NATS Streaming concepts: Channels}},
	author = {{The NATS Streaming contributors}},
	howpublished =  {\url{https://docs.nats.io/nats-streaming-concepts/channels}},
	note = {Accessed: 2020-12-07}
}

@misc{natsdevelopingreceivemessage,
	title = {{Developing with NATS Streaming: Receiving Messages from a Channel}},
	author = {{The NATS Streaming contributors}},
	howpublished =  {\url{https://docs.nats.io/developing-with-nats-streaming/receiving}},
	note = {Accessed: 2020-12-07}
}


%Messaging semantics
%Kafka
@misc{kafkaconfluentintro,
	title = {{Introduction to Kafka}},
	author = {Confluent},
	howpublished =  {\url{https://docs.confluent.io/home/kafka-intro.html}},
	note = {Accessed: 2020-12-14}	
}

@misc{kafkatransaction,
	title = {{KIP-98 - Exactly Once Delivery and Transactional Messaging}},
	author = {Apurva Mehta},
	howpublished =  {\url{https://cwiki.apache.org/confluence/display/KAFKA/KIP-98+-+Exactly+Once+Delivery+and+Transactional+Messaging}},
	note = {Accessed: 2020-12-14}	
}

@misc{kafkaconfigurationproducer,
	title = {{Kafka Configuration: Producer Configs}},
	author = {{The Kafka contributors}},
	howpublished =  {\url{https://kafka.apache.org/documentation/#producerconfigs}},
	note = {Accessed: 2020-12-12}	
}

%Pulsar
@misc{pulsarinflight,
	title = {{Pulsar adaptor for Apache Kafka}},
	author = {{The Pulsar contributors}},
	howpublished =  {\url{https://pulsar.apache.org/docs/ja/adaptors-kafka/}},
	note = {Accessed: 2020-12-16}
}

@misc{pulsaridemproducer,
	title = {{PIP 6: Guaranteed Message Deduplication}},
	author = {Matteo Merli and Sijie Guo},
	howpublished =  {\url{https://github.com/apache/pulsar/wiki/PIP-6:-Guaranteed-Message-Deduplication}},
	note = {Accessed: 2020-12-18}
}


@misc{pulsartransaction,
	title = {{PIP 31: Transaction Support}},
	author = {Sijie Guo},
	howpublished =  {\url{https://github.com/apache/pulsar/wiki/PIP-31%3A-Transaction-Support}},
	note = {Accessed: 2020-12-18}
}

@misc{twophasecommit,
	title = {{Two-phase commit protocol}},
	author = {{Wikipedia contributors}},
	howpublished =  {\url{https://en.wikipedia.org/wiki/Two-phase_commit_protocol}},
	note = {Accessed: 2020-12-18}
}

@misc{pulsarflinkconnector,
	title = {{What's New in Pulsar Flink Connector 2.7.0}},
	author = {Jianyun Zhao and Jennifer Huang},
	howpublished =  {\url{https://streamnative.io/en/blog/release/2020-12-24-pulsar-flink-connector-270}},
	note = {Accessed: 2020-12-10}
}

%NATS
@misc{natsorder,
	title = {{GitHub issue: Order of delivery}},
	author = {{The NATS Streaming contributors and users}},
	howpublished =  {\url{https://github.com/nats-io/stan.go/issues/179}},
	note = {Accessed: 2020-12-16}
}

@misc{natsdevelopingacks,
	title = {{Developing with NATS Streaming: Acknowledgements}},
	author = {{The NATS Streaming contributors}},
	howpublished =  {\url{https://docs.nats.io/developing-with-nats-streaming/acks}},
	note = {Accessed: 2020-12-16}
}

%stream processing
%Kafka
@misc{kafkastreams,
	title = {{Kafka Streams: Core concepts}},
	author = {{The Kafka contributors}},	
	howpublished =  {\url{https://kafka.apache.org/26/documentation/streams/core-concepts}},
	note = {Accessed: 2020-12-09}	
}


@misc{windowtypes,
	title = {{ksqlDB: Time and Windows}},
	author = {Confluent},
	howpublished =  {\url{https://docs.ksqldb.io/en/latest/concepts/time-and-windows-in-ksqldb-queries/}},
	note = {Accessed: 2020-12-10}	
}


@misc{localstatestore,
	title = {{Why local state is a fundamental primitive in stream processing}},
	author = {Jay Kreps},
	howpublished =  {\url{https://www.oreilly.com/content/why-local-state-is-a-fundamental-primitive-in-stream-processing/}},
	note = {Accessed: 2020-12-10}	
}

%Pulsar
@misc{pulsarfunction,
	title = {{Pulsar Functions overview}},
	author = {{The Pulsar contributors}},	
	howpublished =  {\url{https://pulsar.apache.org/docs/en/functions-overview/}},
	note = {Accessed: 2020-12-09}
}	

@misc{pulsarfunctionissue,
	title = {{GitHub issue: Unable to create pulsar function}},
	author = {{The Pulsar contributors and users}},	
	howpublished =  {\url{https://github.com/apache/pulsar/issues/8469}},
	note = {Accessed: 2020-12-09}
}

%Data integration
%Kafka
@misc{kafkaconnect,
	title = {{Kafka Connect}},
	author = {{The Kafka contributors}},	
	howpublished =  {\url{https://kafka.apache.org/documentation.html#connect}},
	note = {Accessed: 2020-12-10}	
}

@misc{kafkaconnectsource,
	title = {{KAFKA-6080: Transactional EoS for source connectors}},
	author = {{The Kafka contributors}},	
	howpublished =  {\url{https://issues.apache.org/jira/browse/KAFKA-6080}},
	note = {Accessed: 2020-12-10}	
}


@misc{kafkahdfsconnector,
	title = {{HDFS 2 Sink Connector for Confluent Platform}},
	author = {Confluent},
	howpublished =  {\url{https://docs.confluent.io/5.5.0/connect/kafka-connect-hdfs/index.html#features}},
	note = {Accessed: 2020-12-10}	
}

@misc{kafkaclients,
	title = {{Kafka: Clients}},
	author = {Jun Rao},
	howpublished =  {\url{https://cwiki.apache.org/confluence/display/KAFKA/Clients}},
	note = {Accessed: 2020-12-10}	
}

%Pulsar
@misc{pulsario,
	title = {{Pulsar Connector overview}},
	author = {{The Pulsar contributors}},
	howpublished =  {\url{https://pulsar.apache.org/docs/en/io-overview/}},
	note = {Accessed: 2020-12-11}
}

@misc{pulsarclients,
	title = {{Pulsar client libraries}},
	author = {{The Pulsar contributors}},
	howpublished =  {\url{https://pulsar.apache.org/docs/en/client-libraries/}},
	note = {Accessed: 2020-12-11}
}

%NATS
@misc{natsclientsconnectors,
	title = {{NATS Streaming: clients and utilities}},
	author = {{The NATS Streaming contributors}},
	howpublished =  {\url{https://nats.io/download}},
	note = {Accessed: 2020-12-11}
}

%Monitoring
%Kafka
@misc{kafkamonitoring,
	title = {{Kafka Operations: Monitoring}},
	author = {{The Kafka contributors}},	
	howpublished =  {\url{https://kafka.apache.org/documentation/#monitoring}},
	note = {Accessed: 2020-12-12}	
}


@misc{java2006monitoring,
	title={{Java SE Monitoring and Management Guide, Chapter 2: Monitoring and Management Using JMX Technology}},
	author = {{Oracle Corporation}},
	howpublished =  {\url{https://docs.oracle.com/javase/8/docs/technotes/guides/management/agent.html}},
	year={2006},
	note = {Accessed: 2020-12-12}
}

@misc{kafkamonitoringtools1,
	title = {{Comparison of Kafka Monitoring Tools}},
	author = {Nadja Hagen and Tobias Dehn},
	howpublished =  {\url{https://www.novatec-gmbh.de/en/blog/comparison_of_kafka_monitoring_tools/}},
	note = {Accessed: 2020-12-12}	
}

%Pulsar
@misc{pulsarmetrics,
	title = {{Reference: Pulsar Metrics}},
	author = {{The Pulsar contributors}},
	howpublished =  {\url{https://pulsar.apache.org/docs/en/reference-metrics/}},
	note = {Accessed: 2020-12-15}
}


@misc{pulsarmanager,
	title = {{Administration: Pulsar Manager}},
	author = {{The Pulsar contributors}},
	howpublished =  {\url{https://pulsar.apache.org/docs/en/administration-pulsar-manager/}},
	note = {Accessed: 2020-12-15}
}

%NATS
@misc{natsmonitoring,
	title = {{NATS Streaming concepts: Monitoring}},
	author = {{The NATS Streaming contributors}},
	howpublished =  {\url{https://docs.nats.io/nats-streaming-concepts/monitoring}},
	note = {Accessed: 2020-12-15}
}

@misc{normalnatsconfig,
	title = {{NATS server: Configuration}},
	author = {{The NATS Streaming contributors}},
	howpublished =  {\url{https://docs.nats.io/nats-server/configuration}},
	note = {Accessed: 2020-12-15}
}

%Scalability
%Kafka
@misc{kafkaleaderelection,
	title = {{Apache Kafka's Distributed System Firefighter — The Controller Broker}},
	author = {Stanislav Kozlovski},
	howpublished =  {\url{https://stanislavkozlovski.medium.com/apache-kafkas-distributed-system-firefighter-the-controller-broker-1afca1eae302}},
	note = {Accessed: 2020-12-18}	
}

%Pulsar 
@misc{pulsarloadbalance,
	title = {{Pulsar Administration: Pulsar load balance}},
	author = {{The Pulsar contributors}},
	howpublished =  {\url{https://pulsar.apache.org/docs/en/administration-load-balance/}},
	note = {Accessed: 2020-12-19}
}

%NATS
@misc{natspartitioning,
	title = {{NATS Streaming concepts: Partitioning}},
	author = {{The NATS Streaming contributors}},
	howpublished =  {\url{https://docs.nats.io/nats-streaming-concepts/partitioning}},
	note = {Accessed: 2020-12-19}
}

%Security
%Kafka
@misc{kafkasecurity,
	title = {{Kafka Security}},
	author = {{The Kafka contributors}},	
	howpublished =  {\url{https://kafka.apache.org/documentation/#security}},
	note = {Accessed: 2021-01-03}	
}

@misc{tls,
	title = {{Transport Layer Security}},
	author = {{Wikipedia contributors}},
	howpublished =  {\url{https://en.wikipedia.org/wiki/Transport_Layer_Security}},
	note = {Accessed: 2021-01-03}	
}

@misc{sasl,
	title = {{Simple Authentication and Security Layer}},
	author = {{Wikipedia contributors}},
	howpublished =  {\url{https://en.wikipedia.org/wiki/Simple_Authentication_and_Security_Layer}},
	note = {Accessed: 2021-01-03}	
}

@misc{zookeepersecurity,
	title = {{Client-Server mutual authentication}},
	author = {Rakesh Radhakrishnan},
	howpublished =  {\url{https://cwiki.apache.org/confluence/display/ZOOKEEPER/Client-Server+mutual+authentication}},
	note = {Accessed: 2021-01-03}	
}

%Pulsar
@misc{pulsarsecurity,
	title = {{Security: Pulsar security overview}},
	author = {{The Pulsar contributors}},
	howpublished =  {\url{https://pulsar.apache.org/docs/en/security-overview/}},
	note = {Accessed: 2021-01-04}
}

%NATS
@misc{natsauthorization,
	title = {{GitHub issue: NATS Streaming Client Authorization}},
	author = {{The NATS Streaming contributors and users}},
	howpublished =  {\url{https://github.com/nats-io/nats-streaming-server/issues/788}},
	note = {Accessed: 2021-01-05}
}

@misc{natstoreencryption,
	title = {{NATS Streaming concepts: Store encryption}},
	author = {{The NATS Streaming contributors}},
	howpublished =  {\url{https://docs.nats.io/nats-streaming-concepts/store-encryption}},
	note = {Accessed: 2021-01-05}
}

%Usability
%Kafka
@misc{kafkarepo,
	title = {{Kafka: GitHub repository insights}},
	author = {{GitHub}},	
	howpublished =  {\url{https://github.com/apache/kafka/graphs/contributors}},
	note = {Accessed: 2021-02-04}	
}

%Pulsar
@misc{pulsarrepo,
	title = {{Pulsar: GitHub repository insights}},
	author = {{GitHub}},	
	howpublished =  {\url{https://github.com/apache/pulsar/graphs/contributors}},
	note = {Accessed: 2021-02-04}	
}

%NATS
@misc{natsrepo,
	title = {{NATS Streaming: GitHub repository insights}},
	author = {{GitHub}},	
	howpublished =  {\url{https://github.com/nats-io/nats-streaming-server/graphs/contributors}},
	note = {Accessed: 2021-02-04}	
}

%%Implementation
%Kafka
@misc{kafkatransctionscaleproducer,
	title = {{KIP-447: Producer scalability for exactly once semantics}},
	author = {Jason Gustafson},
	howpublished =  {\url{https://cwiki.apache.org/confluence/display/KAFKA/KIP-447%3A+Producer+scalability+for+exactly+once+semantics}},
	note = {Accessed: 2021-02-10}	
}

%JPA
@misc{jpa,
	title = {{Jakarta Persistence}},
	author = {{Wikipedia contributors}},
	howpublished =  {\url{https://en.wikipedia.org/wiki/Jakarta_Persistence}},
	note = {Accessed: 2021-02-10}
}

%Byteman
@misc{byteman,
	title = {{Byteman}},
	author = {{JBoss community}},
	howpublished =  {\url{https://byteman.jboss.org/}},
	note = {Accessed: 2021-02-11}
}

%Docker
@misc{docker,
	title = {{Overview of Docker Compose}},
	author = {{Docker Inc. }},
	howpublished =  {\url{https://docs.docker.com/compose/}},
	note = {Accessed: 2021-02-12}
}




